@article{bunjevac2017stereo,
    author={Nikola Bunjevac},
    title={Gusta stereoskopska rekonstrukcija
poluglobalnim podudaranjem},
	year={2017},
    url={http://www.zemris.fer.hr/~ssegvic/project/pubs/bunjevac17bs.pdf}
}
@article{scharszelinski,
    author={Daniel Scharstein, Richard Szeliski},
    title={A taxonomy and evaluation of dense
two-frame stereo correspondence algorithms},
    url={https://vision.middlebury.edu/stereo/taxonomy-IJCV.pdf}
}
@article{kovac2015stereo,
    author={Dino Kovač},
    title={Gusta stereoskopska rekonstrukcija scene predstavljene ravninskim 
odsječcima},
	year={2015},
    url={http://www.zemris.fer.hr/~ssegvic/project/pubs/kovac15ms.pdf}
}
@article{adam,
	title  = {Adam},
	author = {Akash Ajagekar},
	url    = {https://optimization.cbe.cornell.edu/index.php?title=Adam}
}
@article{sgd,
	title = {Stochastic gradient descent},
	author = {Jonathon Price, Alfred Wong},
	url = {https://optimization.cbe.cornell.edu/index.php?title=Stochastic_gradient_descent}
}
@article{duboko,
	title  = {Neslužbene stranice predmeta Duboko učenje 1},
	author = {Siniša Šegvić},
	url    = {http://www.zemris.fer.hr/~ssegvic/du/}
}
